@string{I = {Ind. Eng. Chem. Res.}}%
@string{F = {Fuel}}%
@string{EF = {Energy \& Fuels}} %
@string{CF = {Comb. \& Flame}}%
@string{EST = {Environ. Sci. Technol.}} %
@string{JAP = {J. Appl.Polym. Sci.}} %
@string{CJC = { Can. J. Chem. Eng.}} %
@string{JAA ={J. Anal. Appl. Pyrolysis.}} %
@string{JPS = {J. Polym. Sci. A}}%
@string{CST = {Combust. Sci. Tech.}} %
@string{C = {Carbon}}%
@string{Aiche = {AIChE J.}}%
@string{CES = {Chem. Eng. Sci.}}%
@string{JFM ={ J. Fluid. Mech.}}%

@INPROCEEDINGS{ppp12,
author = {Chris Rizos and Volker Janssen and Craig Roberts and Thomas Grinter},
title = {Precise Point Positioning: Is the Era of Differential GNSS Positioning Drawing to an End?},
booktitle = {FIG Working Week 2012,Knowing to manage the territory, protect the environment, evaluate the cultural heritage, Rome, Italy},
year = {2012},
pages = {6-10}
}
@INPROCEEDINGS{ppp06,
author = {Ola Ovstedal and Narve Schipper Kjorsvik and Jon Glenn Omholt Gjevestad},
title = {Surveying using GPS Precise Point Positioning},
booktitle = {TS 43 - GNSS Processing and Applications, Shaping the Change, XXIII FIG Congress, Munich, Germany, October 8-13,},
year = {2006 },
pages = {1-10}
}
@ARTICLE{AG12,
 author={Thurner, F. and Mann, U.},
 title={Kinetic Investigation of Wood Pyrolysis},
 journal= I,
 volume={20},
 year={1981},
 pages={482-488}
 }
@ARTICLE{ppp07,
 author={Cai Changsheng and Gao Yang},
 title={Precise Point Positioning Using Combined GPS and GLONASS Observations},
 journal= {Journal of Global Positioning Systems},
 volume={Vol.6, No.1},
 school={Department of Geomatics Engineering, University of Calgary, AB, Canada},
 year={2007},
 pages={13-22}
 }
@ARTICLE{Tsuji2000,
 author={Toshiaki Tsujii1 and Masatoshi Harigae1 and Toshiharu Inagaki1 and Tatsuo Kanai},
 title={Flight tests of GPS/GLONASS precise positioning versus dual frequency KGPS pro?le},
 journal= {Earth Planets Space},
 volume={Vol.52, No.1},
 school={Flight Systems Research Center, National Aerospace Laboratory, Tokyo , Japan and University of Electro-Communications, Tokyo , Japan},
 year={2000},
 pages={825-829}
 }
@INPROCEEDINGS{thomas11,
author = {Thomas Grinter and Craig Roberts},
title = {Precise Point Positioning: Where are we now?},
booktitle = {International Global Navigation Satellite Systems Society, IGNSS Symposium 2011, 15 ? 17 November},
year = {2011},
pages = {1-10}
}
@MISC{ppp02,
 author={Jan Kouba and Pierre Héroux},
 title={GPS Precise Point Positioning Using IGS Orbit Products},
 year={2002},
 school={Geodetic Survey Division Natural Resources Canada 615 Booth Street},
 pages={18}
 }
@MISC{kouba2001,
 author={Jan Kouba and Pierre Héroux},
 title={GPS Precise Point Positioning Using IGS Orbit Products and GPS Solutions},
 year={2001},
 school={Geodetic Survey Division Natural Resources Canada 615 Booth Street},
 pages={11-28}
 }
@TECHREPORT{AG52,
  author ={Rinc\'{o}n, S.L.},
  title ={Herstellung von Aktivkohle aus Biogenen Reststoffen zum Einsatz in der Rauchgasreinigung},
  institution ={Institut f\"{u}r Thermische Energietechnik, Universit\"{a}t Kassel},
  year ={1999},
  pages={38},
}
@PHDTHESIS{AG70,
 author={Wiest, W.},
 title={Zur Pyrolyse von Biomasse im Drehrohrreaktor},
 school={Universit\"{a}t Gesamthochschule Kassel},
 type={Tesis de Doctorado},
 year={1998},
 address={Kassel}
 }
@MASTERSTHESIS{AG36a,
 author={G\'{o}mez, Adriana},
 title={Investigaci\'{o}n del Proceso de Gasificaci\'{o}n de Biomasa en un Gasificador en Paralelo},
 school={Universidad Nacional de Colombia},
 year={2002},
 }
@MASTERSTHESIS{pas10,
  author={Nathalie S. Ramírez and Nohora M. Reyes},
  title={Protoripo de Mapa de Riesgo Ionosferico como Soporte para el Desarrollo e Implementación de GBAS, Precisión de Aproximación Categoria I de una Región Colombiana.},
  school={Unidad Administrativa Especial de Aeronáutica Civil - Centro de Estudios Aeronáuticos},
  type={Pasantía},
  year={2010},
  address={Bogotá}
  }
 @PHDTHESIS{TUED,
  author={Juan R. Morillo Barragán},
  title={Desarrillo y Análisis de la Precisión de la Red de Antenas de Referencia GNSS de Extremadura. Trazabilidad de Flotas de Transporte Hortofrutícola},
  school={Universidad de Extremadura},
  type={Tesis Doctoral},
  year={2010},
  address={Extremadura}
  }
 @PHDTHESIS{ELPPP2000,
  author={Boonsap Witchayangkoon},
  title={Elements of GPS Precise Point Positioning},
  school={The University of Maine},
  type={Tesis Doctoral},
  year={2000},
  address={Orono, Maine}
  }
@BOOK{AG08a,
 author={Gregg, S.J. and Sing, K.S.W.},
 title={Adsorption, Surface Area and Porosity},
 publisher={Academic Press},
 address={London},
 year={1982},
 }
@BOOK{AG09a,
 editor={Marsh, H. and Heintz E.A. and Rodriguez-Reinoso, F.},
 title={Introduction to Carbon Technologies},
 publisher={Universidad de Alicante},
 address={Alicante},
 year={1997},
 }
@MISC{AG01i,
 author={International Energy Agency, IEA},
 title={Needs for Renewables 2001: Developing a New Generation of Sustainable Energy Technologies},
 year={2001},
 pages={48}
 }
@MISC{GUI2012,
 author={Guillermo Sánchez},
 title={Sistema posicionamiento global (GPS) y las teorías de la relatividad},
 year={2012},
 pages={3}
 }
@MISC{AG02i,
 author={International Energy Agency, IEA},
 title={Renewables in Global Energy Supply},
 year={2007},
 pages={34}
 }
@BOOK{AG03p,
 author={Franke, G.},
 title={Nutzpflanzen der Tropen und Subtropen},
 publisher={UTB},
 address={Stuttgart},
 year={1994},
 }
@BOOK{AG04p,
 author={Hartley, C.W.S.},
 title={The Oil Palm},
 publisher={Longman},
 address={London},
 year={1977},
 }
@BOOK{GPStkug,
 author={Tracie Conn and Tom Gaussiran and R. Benjamin Harris and Jon Little and Richard Mach and David Munton and Brent Renfro and Brian Tolman and Timothy Craddock and Martin Vermeer},
 title={The GPS Toolkit, A User's Guide for Scientists, Engineers and Students},
 publisher={Applied Research Laboratories, The University of Texas at Austin and Department of Surveying, Helsinki University of Technology},
 address={Texas},
 year={2007},
 }
@BOOK{GGNASS,
 author={M Paz Holanda Blas and Juan Carlos Bermejo Ortega},
 title={GPS and GLONASS, Descripción y Aplicaciones},
 publisher={},
 address={Madrid},
 year={1998},
 }
@book{lenz08,
  title={Simply Rails 2 },
  author={Lenz, P.},
  isbn={9780980455205},
  lccn={bl2008016408},
  series={Safari Books Online},
  url={http://books.google.com.co/books?id=dyozLQAACAAJ},
  year={2008},
  publisher={SitePoint Pty, Limited}
}
@book{baker1963xiith,
  title={XIIth International Astronautical Congress, Washington, D. C., 1961: proceedings},
  author={Baker, R.M.L. and Makemson, M.W.},
  number={v. 1},
  series={XIIth International Astronautical Congress, Washington, D. C., 1961: Proceedings},
  url={http://books.google.com.co/books?id=i-hGAQAAIAAJ},
  year={1963},
  publisher={Academic Press}
}


